@misc{ant_site,
    title="ANT/ANT+ Defined",
    url="https://www.thisisant.com/developer/ant-plus/ant-antplus-defined/"
}

@book{pet_owner,
    title="Pet Ownership \& Demographic",
    author="AVMA",
    publisher="AVMA",
    year="2017-2018",
    url="https://www.avma.org/resources-tools/reports-statistics/us-pet-ownership-statistics"
}
